<?xml version="1.0" encoding="UTF-8"?><collection xmlns="http://www.loc.gov/MARC21/slim"><record><leader>00595nam--2200181-i-4500</leader><controlfield tag="001">000020022</controlfield><controlfield tag="002">20161230</controlfield><controlfield tag="005">20161230201033</controlfield><controlfield tag="008">060222s1000------------r-----000-0-fre-d</controlfield><datafield ind1=" " ind2=" " tag="040"><subfield code="a">IFIN-HH</subfield></datafield><datafield ind1=" " ind2=" " tag="041"><subfield code="a">fre</subfield></datafield><datafield ind1=" " ind2=" " tag="080"><subfield code="a">539.171.017:539.12.162.7(043)</subfield></datafield><datafield ind1="1" ind2=" " tag="100"><subfield code="a">Djalali, Chaden</subfield></datafield><datafield ind1="1" ind2="0" tag="245"><subfield code="a">Excitation des resonances geantes du 208pb par diffusion inelastique de protons de 201mev ainsi que de deutons de 108 mev et d alphas de 218 mev</subfield><subfield code="b">These</subfield><subfield code="c">Chaden djalali</subfield></datafield><datafield ind1=" " ind2=" " tag="260"><subfield code="a">Paris</subfield><subfield code="b">Universite Paris-sud</subfield><subfield code="c">1981</subfield></datafield><datafield ind1=" " ind2=" " tag="300"><subfield code="a">130 P</subfield></datafield><datafield ind1=" " ind2=" " tag="852"><subfield code="a">70594</subfield><subfield code="c">539.17</subfield></datafield><datafield ind1=" " ind2=" " tag="CAT"><subfield code="a">Sys</subfield><subfield code="c">20120621</subfield><subfield code="h">120359</subfield></datafield></record></collection>